
@book{Portigal2013,
    Title       ={Interviewing Users: How to Uncover Compelling Insights},
    Author      ={Steve Portigal},
    Year        ={2013},
    Publisher   ={Rosenfeld Media},
    Note        ={Last consulted on [datehere].}
}
@book{Eyal2013,
    Title       = {Hooked: How to Build Habit-Forming Products},
    Author      = {Nir Eyal and Ryan Hoover},
    Year        = {2013},
    Publisher   = {Portfolio},
    Note        = {Last consulted on [datehere]}    
}
@book{Gruen2011,
    Title       = {The Use of Stories in User Experience Design},
    Author      = {Dan Gruen and Thyra Rauch and Sarah Redpath and Stefan Ruettinger},
    Year        = {2011},
    Publisher   = {Unknown},
    Note        = {Last consulted on 26 March 2020.}
}
@book{Krug2013,
    Title       = {Don't Make Me Think, Revisited},
    Author      = {Steve Krug},
    Year        = {2013},
    Publisher   = {New Riders},
    Note        = {Last consulted on [datehere].}
},
@book{Norman2013,
    Title       = {The Design of Everyday Things},
    Author      = {Don Norman and Peter Merholz},
    Year        = {2013},
    Publisher   = {Ingram Publisher Services US},
    Note        = {Last consulted on [datehere].}
}

@book{Kuniavsky2012,
    Title       = {Observing the User Experience},
    Author      = {Mike Kuniavsky, Elisabeth Goodman, and Andrea Moed},
    Year        = {2012},
    Publisher   = {Elsevier},
    Note        = {Last consulted on 28 May 2020.}
}
@book{Gladwell2009,
    Title       = {What the Dog Saw and Other Adventures},
    Author      = {Malcolm Gladwell},
    Year        = {2009},
    Publisher   = {Brown and Company},
    Note        = {Last consulted on 25 May 2020.}
}

@inbook{Xia2014,
    Title       = {Benchmarking: An International Journal},
    Author      = {Belle Selene Xia and Peng Gong},
    Note        = {Last consulted on 12 April 2020.},
    Year        = {2014},
    Publisher   = {Emerald Pubhishing Limited},
    Chapter     = 21
}


@misc{w-interaction-design,
    Author      = {Yu Siang Teo},
    Title       = {What is Interaction Design?},
    Note        = {\url{https://www.interaction-design.org/literature/article/what-is-interaction-design}. Last consulted on [datehere].},
    Year        = {2020}
}

@misc{w-burks, 
    Author      = {Robin Burks},
    Title       = {How Video Games Have Become The Perfect Storytelling Medium},
    Note        = {\url{https://www.techtimes.com/articles/84016/20150914/how-video-games-have-become-the-perfect-storytelling-medium.htm}. Last consulted on [datehere].},
    Year        = {2015}
}

@misc{w-treder,
    Author      = {Marcin Treder},
    Title       = {Beyond Wireframing: The Real-Life UX Design Process},
    Note        = {\url{https://www.smashingmagazine.com/2012/08/beyond-wireframing-real-life-ux-design-process/}. Last consulted on [datehere].},
    Year        = {2019}
}

@misc{s-Raynovich,
    Author      = {Scott Ranovich},
    Title       = {What is an Operations Support System (OSS)? Definition},
    Note        = {\url{https://www.sdxcentral.com/networking/sdn/definitions/operations-support-system-oss-definition/}. Last consulted on 3 March 2020.},
    Year        = {2016}
}

@misc{m-Satran,
    Author      = {Michael Satran and Drew Batchelor and Mike Jacobs},
    Title       = {Windows Management Instrumentation} ,
    Note        = {\url{https://docs.microsoft.com/en-us/windows/win32/wmisdk/wmi-start-page}. Last consulted on 23 March 2020.},
    Year        = {2018}
}

@misc{bifan,
    Author      = {n.A.},
    Title       = {Business Intelligence Software},
    Note        = {\url{https://business-intelligence.financesonline.com/#history}. Last consulted on 28 March 2020.},
    Year        = {2020}
}

@misc{iso,
    Author      = "{International Organization for Standardization}",
    Title       = { Ergonomics of human-system interaction - Part 210: Human-centred design for interactive systems.},
    Note        = {\url{https://www.iso.org/obp/ui/#iso:std:iso:9241:-210:ed-2:v1:en}. Last consulted on 28 March 2020.},
    Year        = {2019}
}

@misc{l-nielsen, 
    Author      = {Lene Nielsen},
    Title       = {The Encyclopedia of Human-Computer Interaction, Personas},
    Note        = {\url{https://www.interaction-design.org/literature/book/the-encyclopedia-of-human-computer-interaction-2nd-ed/personas#heading_Four_different_perspectives_page_12414}. Last consulted on 28 March 2020. },
    Year        = {n.d.}
}

@misc{k-cambien,
    Author      = {Karel Cambien},
    Title       = {Skyline Communications vrijt de groten der aarde op},
    Note        = {\url{https://www.madeinlimburg.be/topics-content/technologie-topic/skyline-communications-vrijt-de-groten-der-aarde-op-topic/}. Last consulted on 2 April 2020.},
    Year        = {2019}
}

@misc{m-rouse,
    Author      = {Margaret Rouse},
    Title       = {User interface (UI)},
    Note        = {\url{https://searchapparchitecture.techtarget.com/definition/user-interface-UI}. Last consulted on 10 April 2020.},
    Year        = {2019}
}




@misc{user-experience-1,
    Author      ={n.d.},
    Title       ={User experience definitions},
    Note        ={\url{http://www.allaboutux.org/ux-definitions}. Last consulted on 28 May 2020.},
    Year        ={n.d.}
}
@misc{user-experience-2, 
    Author      ={Peter Merholz and Don Norman},
    Title       ={Peter in Conversation with {Don} {Norman} About UX and Innovation},
    Note        ={\url{https://podbay.fm/podcast/284362028/e/1215053003}. Last consulted on 20 April 2020.},
    Year        ={2008}
}
@misc{user-experience-3,
    Author      ={Don Norman and Jakob Nielsen},
    Title       ={The definition of User Experience (UX)},
    Note        ={\url{https://www.nngroup.com/articles/definition-user-experience}. Last consulted on 20 April 2020.},
    Year        ={n.d.}
}

@misc{user-personas-1,
    Author      ={n.d.},
    Title       ={Roles and personas},
    Note        ={\url{https://about.gitlab.com/handbook/marketing/product-marketing/roles-personas/#writing-for-all-personas}. Last consulted on 29 April 2020.},
    Year        ={2020}
}

@misc{user-personas-2,
    Author      ={Rashi Desai},
    Title       ={How To Create User Personas for your business?},
    Note        ={\url{https://medium.com/swlh/defining-user-personas-b01934ed2d26}. Last consulted on 8 April 2020.},
    Year        ={2019}
}

@article{user-personas-3,
    Author      ={Tara Matthews and Tejinder Judge and Steve Whittaker},
    Title       ={How do designers and user experience professionals actually perceive and use personas?},
    Note        ={\url{https://dl.acm.org/doi/abs/10.1145/2207676.2208573}. Last consulted on 29 April 2020.},
    Year        ={2012}
}
@misc{user-personas-4, 
    Author      ={Rikke Friis Dam and Teo Yu Siang},
    Title       ={Personas - A Simple introduction},
    Note        ={\url{https://www.interaction-design.org/literature/article/personas-why-and-how-you-should-use-them}. Last consulted on 27 April 2020.},
    Year        ={2020}
}

@misc{user-stories-2,
    Author      ={Max Rehkpf},
    Title       ={User stories with Examples and Template},
    Note        ={\url{https://www.atlassian.com/agile/project-management/user-stories}. Last consulted on 12 April 2020.},
    Year        ={n.d.}
}
@misc{user-stories-3,
    Author      ={Mike Cohn},
    Title       ={Advantages of the "As a user, I want" user story template.},
    Note        ={\url{https://www.mountaingoatsoftware.com/blog/advantages-of-the-as-a-user-i-want-user-story-template}. Last consulted at 10 April 2020.},
    Year        ={2008}
}
@misc{m-cohn,
    Author      = {Mike Cohn},
    Title       = {Why the Three-Part User Story Template Works So Well},
    Note        = {\url{https://www.mountaingoatsoftware.com/blog/why-the-three-part-user-story-template-works-so-well}. Last consulted on 10 April 2020.},
    Year        = {2019}
}

@misc{prototypes-1,
    Author      ={Rikke Friis Dam and Teo Yu Siang},
    Title       ={Stage 4 in the Design Thinking Process: Prototype},
    Note        ={\url{https://www.interaction-design.org/literature/article/stage-4-in-the-design-thinking-process-prototype}. Last consulted on 19 April 2020.},
    Year        ={2019},
}
@misc{prototypes-2,
    Author      ={Amy Hackney Blackwell and Elizabeth Manar},
    Title       ={Prototype},
    Note        ={\url{https://go.gale.com/ps/i.do?p=SCIC&u=dclib_main&v=2.1&it=r&id=GALE\%7CENKDZQ347975681&asid=1590724800000e2eb8235}. Last consulted on 20 April 2020.},
    Year        ={2015}
}

@misc{usability-testing-1,
    Author      ={Jerry Cao},
    Title       ={Moderated vs. Unmoderated Usability Testing: Which is Better?},
    Note        ={\url{https://www.uxpin.com/studio/blog/moderated-vs-unmoderated-usability-testing-better/}. Last consulted on 15 May 2020.},
    Year        ={2020}
}
@misc{usability-testing-2,
    Author      ={Jennifer Derome},
    Title       ={Moderated vs. unmoderates usability testing: the pros and cons},
    Note        ={\url{https://www.usertesting.com/blog/moderated-vs-unmoderated-usability-testing}. Last consulted on 16 May 2020.},
    Year        ={2018}
}
@misc{usability-testing-3,
    Author      ={Richt Macefield},
    Title       ={Usability Studies and the hawthorne Effect},
    Note        ={\url{https://orion2020.org/archivo/TO/h_hawthorne-effect.pdf}. Last consulted on 23 May 2020.},
    Year        ={2007}
}
@misc{usability-testing-4,
    Author      ={Shannon Stearns},
    Title       ={What is The Hawthorne Effect and How to Avoid it in User Testing},
    Note        ={\url{https://www.userfountain.com/what-is-the-hawthorne-effect}. Last consulted on 23 May 2020.},
    Year        ={2020},
}

@misc{google-trends,
    Author      ={n.d.},
    Title       ={Compare Google search terms},
    Note        ={\url{https://trends.google.com}. Last consulted on 30 May 2020.},
    Year        ={n.d.}
}
@misc{ux-tools,
    Author      ={Taylor Palmer},
    Title       ={2918 Design tools survey},
    Note        ={\url{https://uxtools.co/survey-2019}. Last consulted on 31 May 2020.},
    Year        ={2019}
}